% !Mode:: "TeX:UTF-8"

@article{mei2017_38_44,
  title={基于加权类分数傅立叶变换的变换域通信系统},
  author={梅林 and 房宵杰 and 沙学军},
  journal={中兴通讯技术},
  volume={23},
  number={3},
  pages={38-44},
  year={2017},
}

@article{wang2015_1708_1709,
  title={BER analysis of hybrid carrier system based on WFRFT with carrier frequency offset},
  author={Wang, Z. and Mei, L. and Wang, X. and Sha, X.},
  journal={Electronics Letters},
  volume={51},
  number={21},
  pages={1708-1709},
  year={2015},
}


@article{hui2015_177_179,
  title={4-weighted fractional Fourier transform over doubly selective channels and optimal order selecting algorithm},
  author={Hui, Yongtao and Li, Bingbing and Tong, Zhao},
  journal={Electronics Letters},
  volume={51},
  number={2},
  pages={177-179},
  year={2015},
}

@article{mei2013_1916_1919,
  title={WFRFT Precoding for Narrowband Interference Suppression in DFT-Based Block Transmission Systems},
  author={Mei, Lin and Zhang, Qinyu and Sha, Xuejun and Zhang, Naitong},
  journal={IEEE Communications Letters},
  volume={17},
  number={10},
  pages={1916-1919},
  year={2013},
}

@phdthesis{song2013,
  language="chinese",
  title={分数傅里叶变换域的同步算法研究},
  author={宋晓程},
  address={哈尔滨},
  school={哈尔滨工业大学},
  year={2013},
}


@article{sha2012_432_435,
  title={Hybrid Carrier CDMA Communication System Based on Weighted-Type Fractional Fourier Transform},
  author={Sha, Xue Jun and Qiu, Xin and Mei, Lin},
  journal={IEEE Communications Letters},
  volume={16},
  number={16},
  pages={432-435},
  year={2012},
}


@article{mei2011_361_366,
  language="chinese",
  title={加权分数傅立叶变换通信系统抗参数扫描及星座分裂性能分析},
  author={梅林 and 沙学军 and 张乃通},
  journal={云南民族大学学报:自然科学版},
  volume={20},
  number={5},
  pages={361-366},
  year={2011},
}


@article{mei2010,
  title={The Research on the Application of 4-WFRFT in Communication System},
  author={Mei, Lin and Sha, Xuejun and Ran, Qiwen and Zhang, Naitong},
  journal={Science in China},
  volume={53},
  number={6},
  year={2010},
}



@article{lei2017,
  title={一种基于复相关的位同步算法的研究和实现},
  author={雷一昇},
  journal={现代导航},
  volume={8},
  number={1},
  pages={52-55},
  year={2017},
}

@article{chenyifan2011,
  title={一种基于过采样的OFDM系统定时同步算法},
  author={陈一帆 and 马正新 and 石荣},
  journal={移动通信},
  volume={35},
  number={12},
  pages={84-87},
  year={2011},
}

@article{chenneng2014,
  title={基于ML的OFDM优化同步算法},
  author={陈能 and 陈颖 and 邓强},
  journal={电子技术应用},
  volume={40},
  number={3},
  pages={97-100},
  year={2014},
}

@article{shifeng2011,
  title={一种基于PN序列加权前导的自适应OFDM符号同步算法},
  author={石峰 and 胡登鹏 and 王晨 and 张尔扬},
  journal={电子与信息学报},
  volume={33},
  number={5},
  pages={1166-1171},
  year={2011},
}


@article{wanghan2012,
  title={基于门限判决的OFDM时间同步算法},
  author={汪涵 and 朱磊基 and 施玉松 and 邢涛 and 王营冠},
  journal={现代电子技术},
  volume={35},
  number={1},
  pages={80-84},
  year={2012},
}

@article{Jan1997ML,
  title={ML estimation of time and frequency offset in OFDM systems},
  author={Van de Beek, Jan-Jaap and Sandell, Magnus and Borjesson, Per Ola},
  journal={IEEE transactions on signal processing},
  volume={45},
  number={7},
  pages={1800--1805},
  year={1997},
  publisher={IEEE}
}

@article{Muller1998On,
  title={On the Optimality of Metrics for Coarse Frame Synchronization in OFDM: A Comparison},
  author={Muller-Weinfurtner, S. H},
  journal={Personal Indoor Mobile Radio Communications the Ninth IEEE International Symposium on},
  volume={2},
  pages={533-537 vol.2},
  year={1998},
}

@article{Chin2011ML,
  title={ML Estimation of Timing and Frequency Offsets Using Distinctive Correlation Characteristics of OFDM Signals Over Dispersive Fading Channels},
  author={Chin, Wen Long},
  journal={IEEE Transactions on Vehicular Technology},
  volume={60},
  number={2},
  pages={444-456},
  year={2011},
}

@article{Suresh2017Timing,
  title={Timing estimation algorithm for OFDM-based wireless systems},
  author={Suresh, Madhan Nanchan and Ananthi, Govindasamy and Abhaikumar, Varadhan},
  journal={Iet Science Measurement Technology},
  volume={11},
  number={2},
  pages={149-154},
  year={2017},
}

@inproceedings{Ma2016Design,
  title={Design of OFDM Timing Synchronization Based on Correlations of Preamble Symbol},
  author={Ma, Yunsi and Zhou, Sanwen and Yan, Chaoxing and Liu, Tongling},
  booktitle={IEEE  Vehicular Technology Conference},
  pages={1-5},
  year={2016},
}


@article{Mei2010The,
  title={The approach to carrier scheme convergence based on 4-weighted fractional fourier transform},
  author={Mei, Lin and Sha, Xue Jun and Zhang, Nai Tong},
  journal={IEEE Communications Letters},
  volume={14},
  number={6},
  pages={503-505},
  year={2010},
}

@inproceedings{Ran2009Sampling,
  title={Sampling Analysis in Weighted Fractional Fourier Transform Domain},
  author={Ran, Qi Wen and Zhao, Hui and Ge, Gui Xia and Ma, Jing and Tan, Li Ying},
  booktitle={International Joint Conference on Computational Sciences and Optimization},
  pages={878-881},
  year={2009},
}

@inproceedings{Mei2010Covert,
  title={Covert communication based on waveform overlay with Weighted Fractional Fourier Transform signals},
  author={Mei, Lin and Sha, Xuejun and Zhang, Naitong},
  booktitle={IEEE International Conference on Wireless Communications, NETWORKING and Information Security},
  pages={472-475},
  year={2010},
}

@inproceedings{Mei2011PAPR,
  title={PAPR of hybrid carrier scheme based on weighted-type fractional Fourier transform},
  author={Mei, Lin and Sha, Xuejun and Zhang, Naitong},
  booktitle={International ICST Conference on Communications and NETWORKING in China},
  pages={237-240},
  year={2011},
}

@inproceedings{Wu2011Wavefrom,
  title={Wavefrom Design in Doubly Dispersive Channel},
  author={Wu, Yulong and Mei, Lin and Sha, Xuejun and Shang, Haiying},
  booktitle={First International Conference on Instrumentation, Measurement, Computer, Communication and Control},
  pages={609-614},
  year={2011},
}

@article{Wang2012On,
  title={On Interference Suppression in Doubly-Dispersive Channels with Hybrid Single-Multi Carrier Modulation and an MMSE Iterative Equalizer},
  author={Wang, Kun and Sha, Xuejun and Mei, Lin},
  journal={IEEE Wireless Communications Letters},
  volume={1},
  number={5},
  pages={504-507},
  year={2012},
}

@article{Xiaojie2015Secret,
  title={Secret Communication Using Parallel Combinatory Spreading WFRFT},
  author={Xiaojie, F and Xuejun, S and Yong, L},
  journal={Communications Letters IEEE},
  volume={19},
  number={1},
  pages={62-65},
  year={2015},
}